
@misc{noauthor_big_nodate,
	title = {big list - {LaTeX} {Editors}/{IDEs} - {TeX} - {LaTeX} {Stack} {Exchange}},
	url = {https://tex.stackexchange.com/questions/339/latex-editors-ides},
	urldate = {2017-12-19},
	file = {Snapshot:/Users/mwolf/Zotero/storage/DYHG7L78/latex-editors-ides.html:text/html}
}

@misc{noauthor_math2it_2016,
	title = {Math2IT {\textbar} {Tự} học {LaTeX} từ {A}-{Z}},
	url = {http://math2it.com/tu-hoc-latex-bai-tong-hop/},
	abstract = {Bài này sẽ là bài tổng hợp cho tất cả các bài, nó cũng được xem như là mục lục giúp bạn theo dõi loạt bài Tự học LaTeX tốt hơn. Lưu ý trong mục Danh sách các bài học chính thức, Math2IT đã cố gắng viết và sắp xếp theo trình tự dành cho …},
	urldate = {2017-12-19},
	journal = {Math2IT},
	month = apr,
	year = {2016},
	file = {Snapshot:/Users/mwolf/Zotero/storage/JTFRN3D4/tu-hoc-latex-bai-tong-hop.html:text/html}
}

@misc{noauthor_comments_nodate,
	title = {comments - {How} to write hidden notes in a {LaTeX} file? - {TeX} - {LaTeX} {Stack} {Exchange}},
	shorttitle = {comments - {How} to write hidden notes in a {LaTeX} file?},
	url = {https://tex.stackexchange.com/questions/11177/how-to-write-hidden-notes-in-a-latex-file},
	urldate = {2017-12-19},
	file = {Snapshot:/Users/mwolf/Zotero/storage/D4KUZGUP/how-to-write-hidden-notes-in-a-latex-file.html:text/html}
}

@misc{noauthor_danh_2011,
	title = {Đánh số Định lý, {Bổ} đề, {Mệnh} đề … trong {LaTeX}},
	url = {https://osshcmup.wordpress.com/2011/09/03/danh-s%e1%bb%91-d%e1%bb%8bnh-ly-b%e1%bb%95-d%e1%bb%81-m%e1%bb%87nh-d%e1%bb%81-trong-latex/},
	abstract = {Khai báo: {\textbackslash}newtheorem\{thm\}\{Theorem\}[section] {\textbackslash}newtheorem\{lem\}[thm]\{Lemma\} {\textbackslash}newtheorem\{proposition\}[thm]\{Proposition\} {\textbackslash}newtheorem\{corollary\}[thm]\{Corollary\} {\textbackslash}newtheorem\{defi\}[thm]\{Definition\} {\textbackslash}newth…},
	urldate = {2017-12-19},
	journal = {Nguyễn Thái Sơn},
	month = sep,
	year = {2011},
	file = {Snapshot:/Users/mwolf/Zotero/storage/8P5BLSR7/danh-số-dịnh-ly-bổ-dề-mệnh-dề-trong-latex.html:text/html}
}

@misc{noauthor_create_nodate,
	title = {Create {LaTeX} tables online},
	url = {https://www.tablesgenerator.com/},
	urldate = {2017-12-19},
	file = {Create LaTeX tables online:/Users/mwolf/Zotero/storage/TR3N52A8/www.tablesgenerator.com.html:text/html}
}

@misc{noauthor_floats_nodate,
	title = {floats - {Table} always goes to bottom of document? - {TeX} - {LaTeX} {Stack} {Exchange}},
	shorttitle = {floats - {Table} always goes to bottom of document?},
	url = {https://tex.stackexchange.com/questions/33740/table-always-goes-to-bottom-of-document},
	urldate = {2017-12-19},
	file = {Snapshot:/Users/mwolf/Zotero/storage/FX7272EX/table-always-goes-to-bottom-of-document.html:text/html}
}

@misc{noauthor_how_nodate,
	title = {How do {I} include a {MATLAB} figure in a {LaTeX} document? - {MATLAB} {Answers} - {MATLAB} {Central}},
	url = {https://www.mathworks.com/matlabcentral/answers/96084-how-do-i-include-a-matlab-figure-in-a-latex-document},
	urldate = {2017-12-19},
	file = {How do I include a MATLAB figure in a LaTeX document? - MATLAB Answers - MATLAB Central:/Users/mwolf/Zotero/storage/KZK6E2TA/96084-how-do-i-include-a-matlab-figure-in-a-latex-document.html:text/html}
}

@misc{noauthor_latex_nodate,
	title = {{LaTeX} - {A} document preparation system},
	url = {https://www.latex-project.org/},
	urldate = {2017-12-19},
	file = {LaTeX - A document preparation system:/Users/mwolf/Zotero/storage/JNWZSFDH/www.latex-project.org.html:text/html}
}