
@book{nguyen_hoang_lap_2003,
	address = {Hà Nội},
	title = {Lập trình {MATLAB}},
	publisher = {Nhà xuất bản Khoa học và kỹ thuật},
	author = {Nguyễn Hoàng, Hải and Nguyễn Khắc, Kiểm and Nguyễn Trung, Dũng and Hà Trần, Đức},
	year = {2003}
}

@misc{noauthor_lap_nodate,
	title = {Lập trình {Matlab}},
	url = {http://www.matlabthayhai.info/},
	urldate = {2017-12-19},
	file = {Lập trình Matlab:/Users/mwolf/Zotero/storage/MMY8PIRP/www.matlabthayhai.info.html:text/html}
}